@Book {bcollis,
	author = {Collis, Bill},
	title = {An Introduction to
Practical Electronics,
Microcontrollers and
Software Design},
	year = 2014,
	date = {01 May-2014},
	edition = 2,
	url = {http://www.techideas.co.nz/}
}
