@STANDARD{gost2701,
	number ={2.701-2008},
	type = {ГОСТ},
	year = 2008, 
	title = {Схемы. Виды и типы. Общие требования к выполнению},
	url = {http://rtu.samgtu.ru/sites/rtu.samgtu.ru/files/GOST_ESKD_2.701-2008.pdf}
}

@STANDARD{gost2702,
	number ={2.702-2011},
	type = {ГОСТ}, 
	year = 2011, 
	title = {ЕСКД: Правила выполнения электрических схем},
	url = {http://www.gostedu.ru/51102.html}
}

@STANDARD{gost2703,
	number ={2.703-68},
	type = {ГОСТ},
	year = 1968, 
	title = {Правила выполнения кинематических схем}
}

@STANDARD{gost2704,
	number ={2.704-76},
	type = {ГОСТ},
	year = 1976, 
	title = {Правила выполнения гидравлических и кинематических схем}
}

@STANDARD{gost2705,
	number ={2.705-70},
	type = {ГОСТ},
	year = 1970, 
	title = {Правила выполнения электрических схем обмоток и изделий с обмотками}
}

@STANDARD{gost2708,
	number ={2.708-81},
	type = {ГОСТ},
	year = 1981, 
	title = {Правила выполнения электрических схем цифровой вычислительной техники}
}

@STANDARD{gost2709,
	number ={2.709-72},
	type = {ГОСТ},
	year = 1972, 
	title = {Система обозначения цепей в электрических схемах}
}

@STANDARD{gost2710,
	number ={2.710-81},
	type = {ГОСТ},
	year = 1981, 
	title = {Обозначения буквенно-цифровые в электрических схемах},
	url = {http://www.electromonter.info/handbook/symbol\_271081.html}
}

@STANDARD{gost2711,
	number ={2.711-82},
	type = {ГОСТ},
	year = 1982, 
	title = {Схема деления изделия на составные части}
}

@STANDARD{gost2721,
	number ={2.721-74},
	type = {ГОСТ},
	year = 1974, 
	title = {Обозначения общего применения}
}

@STANDARD{gost2722,
	number ={2.722-68},
	type = {ГОСТ},
	year = 1968, 
	title = {Машины электрические}
}

@STANDARD{gost2723,
	number ={2.723-68},
	type = {ГОСТ},
	year = 1968, 
	title = {Катушки индуктивности, дроссели, трансформаторы, автотрансформаторы и магнитные усилители}
}

@STANDARD{gost2725,
	number ={2.725-68},
	type = {ГОСТ},
	year = 1968, 
	title = {Устройства коммутирующие}
}

@STANDARD{gost2726,
	number ={2.726-68},
	type = {ГОСТ},
	year = 1968, 
	title = {Токосъемники}
}

@STANDARD{gost2727,
	number ={2.727-68},
	type = {ГОСТ},
	year = 1968, 
	title = {Разрядники, предохранители}
}

@STANDARD{gost2728,
	number ={2.728-74},
	type = {ГОСТ},
	year = 1974, 
	title = {Резисторы, конденсаторы},
	url = {http://www.bmstu.ru/~rl1/courses/inform/gost2\_728-74.pdf}
}

@STANDARD{gost2829,
	number ={2.729-68},
	type = {ГОСТ},
	year = 1968, 
	title = {Приборы электроизмерительные}
}

@STANDARD{gost2730,
	number ={2.730-73},
	type = {ГОСТ},
	year = 1973, 
	title = {Приборы полупроводниковые}
}

@STANDARD{gost2731,
	number ={2.731-81},
	type = {ГОСТ},
	year = 1981, 
	title = {Приборы электровакуумные}
}

@STANDARD{gost2732,
	number ={2.732-68},
	type = {ГОСТ},
	year = 1968, 
	title = {Источники света}
}

@STANDARD{gost2733,
	number ={2.733-68},
	type = {ГОСТ},
	year = 1968, 
	title = {Обозначения условные графические детекторов ионизирующих излучений в схемах}
}

@STANDARD{gost2734,
	number ={2.734-68},
	type = {ГОСТ},
	year = 1968, 
	title = {Линии сверхвысокой частоты и их элементы}
}

@STANDARD{gost2735,
	number ={2.735-68},
	type = {ГОСТ},
	year = 1968, 
	title = {Антенны}
}

@STANDARD{gost2736,
	number ={2.736-68},
	type = {ГОСТ},
	year = 1968, 
	title = {Элементы пьезоэлектрические и магнитострикционные. Линии задержки}
}

@STANDARD{gost2737,
	number ={2.737-68},
	type = {ГОСТ},
	year = 1968, 
	title = {Устройства связи}
}

@STANDARD{gost2741,
	number ={2.741-68},
	type = {ГОСТ},
	year = 1968, 
	title = {Приборы акустические}
}

@STANDARD{gost2742,
	number ={2.742-68},
	type = {ГОСТ},
	year = 1968, 
	title = {Источники тока электрохимические}
}

@STANDARD{gost2743,
	number ={2.743-91},
	type = {ГОСТ},
	year = 1991, 
	title = {Элементы цифровой техники},
	url = {http://www.bmstu.ru/~rl1/courses/inform/gost2\_743-91.pdf}
}

@STANDARD{gost2744,
	number ={2.744-68},
	type = {ГОСТ},
	year = 1968, 
	title = {Устройства электрозапальные}
}

@STANDARD{gost2745,
	number ={2.745-68},
	type = {ГОСТ},
	year = 1968, 
	title = {Электронагреватели, устройства и установки электротермические}
}

@STANDARD{gost2746,
	number ={2.746-68},
	type = {ГОСТ},
	year = 1968, 
	title = {Генераторы и усилители квантовые}
}

@STANDARD{gost2747,
	number ={2.747-68},
	type = {ГОСТ},
	year = 1968, 
	title = {Размеры условных графических обозначений}
}

@STANDARD{gost2751,
	number ={2.751-73},
	type = {ГОСТ},
	year = 1973, 
	title = {Обозначение линий, жгутов и кабелей}
}

@STANDARD{gost2755,
	number ={2.755-87},
	type = {ГОСТ},
	year = 1987, 
	title = {Устройства коммутационные и контактные соединения}
}

@STANDARD{gost2756,
	number ={2.756-76},
	type = {ГОСТ},
	year = 1976, 
	title = {Воспринимающая часть электромеханических устройств}
}

@STANDARD{gost2758,
	number ={2.758-81},
	type = {ГОСТ},
	year = 1981, 
	title = {Сигнальная техника}
}

@STANDARD{gost2759,
	number ={2.759-82},
	type = {ГОСТ},
	year = 1982, 
	title = {Элементы аналоговой техники}
}

@STANDARD{gost2761,
	number ={2.761-84}, 
	type = {ГОСТ},
	year = 1984, 
	title = {Компоненты световодных систем}
}

@STANDARD{gost2762,
	number ={2.762-85},
	type = {ГОСТ},
	year = 1985, 
	title = {Частоты и диапазоны частот с частотным разделением каналов}
}
