@Book {maxphis,
	author = {Ильина, В.А., Силаев, П.К.},
	title = {Система аналитических вычислений Maxima для физиков-теоретиков},
	year = 0,
	publisher = {.},
	url = {http://tex.bog.msu.ru/numtask/max07.ps}
}
