
@Book{ pyotkidach,
	author = {
	Россум, Г. 
and Дрейк, Ф.Л.Дж. 
and Откидач, Д.С.
and Задка, М.  
and Левис, М. 
and Монтаро, С. 
and Реймонд, Э.С. 
and Кучлинг, А.М. 
and Лембург, М.-А. 
and Йи, К.-П. 
and Ксиллаг, Д. 
and Петрилли, Х.Г. 
and Варсав, Б.А. 
and Ахлстром, Дж.К. 
and Роскинд, Дж. 
and Шеменор, Н. 
and Мулендер, С.
	 },
	title = {Язык программирования Python},
	year = 2001,
	pages = 454,
	publisher = {
	Stichting Mathematisch Centrum, 1990–1995
and Corporation for National Research Initiatives, 1995–2000
and BeOpen.com, 2000
and Откидач, Д.С., 2001 
	},
	url = {http://rus-linux.net/MyLDP/BOOKS/python.pdf},
	abstract = {
Python является простым и, в то же время, мощным интерпретируемым
объектно-ориентированным языком программирования. Он предоставляет структуры
данных высокого уровня, имеет изящный синтаксис и использует динамический
контроль типов, что делает его идеальным языком для быстрого написания различных
приложений, работающих на большинстве распространенных платформ. Книга содержит
вводное руководство, которое может служить учебником для начинающих, и
справочный материал с подробным описанием грамматики языка, встроенных
возможностей и возможностей, предоставляемых модулями стандартной библиотеки.
Описание охватывает наиболее распространенные версии Python: от 1.5.2 до 2.0.
}	
}

@Book{ pythink,
	author = {Дауни, Аллен},
	title = {Думать на языке \py: Думать как компьютерный специалист},
	year = 1999,
	url = {https://drive.google.com/file/d/0B0u4WeMjO894Q2hWV1QwOFFQOVk/view?usp=sharing},
	abstract = {версия 1.1.24+Kart (Python 3.2), перевод версия 1.06}
}
