@Book {geektimes240554,
	title = {Спутник — это очень просто},
	author = {geektimes},
	year = 9999,
	url = {http://geektimes.ru/post/240554/}
}

@Book {VangliSAT,
	title = {Satellite communication. Construction of a remotely operated satellite ground
station for low earth orbit communication},
	author = {Henning Vangli},
	publisher = {The Univercity of Oslo, Department of Physics},
	year = 2010,
	date = {18 February 2010},
	url = {http://folk.uio.no/henninv/Master/Vangli%20Master.pdf}
}
