@Book{ vasil,
	author = {Васильев, Евгений},
	title = {Маленькие станки},
	year = 2007,
	publisher = {Псков},
	url = {http://www.coilgun.ru/stanki/index.htm}
}

@Book{ tabletop,
	author = {Martin, Joe and Libuse, Craig},
	title = {Tabletop Machining},
	year = 2000,
	publisher = {Sherline Products}
}

@Book{ briney,
	author = {Briney, Doug},
	title = {Home Machinists Handbook},
	year = 2000
}
