@Book {proghant,
	author = {Хант, Эндрю, Томас, Дэвид},
	title = {Программист-прагматик. Путь от подмастерья к мастеру},
	publisher = {Лори, Питер},
	year = {2007},
	ISBN = {ISBN 5-85582-213-3},
	url = {http://mexalib.com/view/39081}
}
