@Book {ebooktex,
	title = {e-Readers and \LaTeX},
	author = {Wetmore, Alan},
	year = 0,
	url = {https://www.tug.org/TUGboat/tb32-3/tb102wetmore.pdf}
}

@Book {bibiso,
	title = {How to cite a standard (ISO, etc.) in Bib\LaTeX?},
	author = {.},
	year = 0,
	url = {http://tex.stackexchange.com/questions/65637/}
}
