@Book {osdev,
	title = {OSdev},
	author = {lot of},
	year = 0,
	url = {http://wiki.osdev.org}
}
